<record><leader>00000cas a22000007a 4500</leader><controlfield tag="001">14255377</controlfield><controlfield tag="008">860923c19629999txuwn ne      0   a0eng d</controlfield><datafield ind1=" " ind2=" " tag="010"><subfield code="a">sn 86089114 </subfield></datafield><datafield ind1=" " ind2=" " tag="040"><subfield code="a">PPM</subfield><subfield code="b">eng</subfield><subfield code="c">PPM</subfield><subfield code="d">NSD</subfield><subfield code="d">PPM</subfield><subfield code="d">OCLCQ</subfield></datafield><datafield ind1=" " ind2=" " tag="012"><subfield code="m">1</subfield></datafield><datafield ind1="1" ind2=" " tag="022"><subfield code="a">1050-5113</subfield><subfield code="l">1050-5113</subfield><subfield code="2">1</subfield></datafield><datafield ind1=" " ind2=" " tag="042"><subfield code="a">msc</subfield><subfield code="a">nsdp</subfield></datafield><datafield ind1=" " ind2="4" tag="222"><subfield code="a">The Petersburg post</subfield></datafield><datafield ind1="0" ind2="4" tag="245"><subfield code="a">The Petersburg post.</subfield></datafield><datafield ind1=" " ind2=" " tag="260"><subfield code="a">Petersburg, Tex. :</subfield><subfield code="b">Mr. &amp; Mrs. Russell L. Grines</subfield></datafield><datafield ind1=" " ind2=" " tag="300"><subfield code="a">v. :</subfield><subfield code="b">ill.</subfield></datafield><datafield ind1=" " ind2=" " tag="310"><subfield code="a">Weekly (except the week of July 4th and New Year's Day),</subfield><subfield code="b">&lt;Apr. 13, 1990-&gt;</subfield></datafield><datafield ind1=" " ind2=" " tag="321"><subfield code="a">Weekly,</subfield><subfield code="b">&lt;July 20, 1962-&gt;</subfield></datafield><datafield ind1="1" ind2=" " tag="362"><subfield code="a">Began in 1962.</subfield></datafield><datafield ind1=" " ind2=" " tag="500"><subfield code="a">Published by: Petersburg Post, Inc., &lt;Apr. 13, 1990-&gt;</subfield></datafield><datafield ind1=" " ind2=" " tag="515"><subfield code="a">Issues for &lt;Apr. 13, 1990-&gt; continue numbering of Petersburg journal.</subfield></datafield><datafield ind1=" " ind2=" " tag="588"><subfield code="a">Description based on: Vol. 1, no. 32 (July 20, 1962).</subfield></datafield><datafield ind1=" " ind2=" " tag="588"><subfield code="a">Latest issue consulted: Vol. 64, no. 17 (Apr. 27, 1990).</subfield></datafield><datafield ind1=" " ind2=" " tag="752"><subfield code="a">United States</subfield><subfield code="b">Texas</subfield><subfield code="c">Hale</subfield><subfield code="d">Petersburg.</subfield></datafield><datafield ind1="0" ind2="5" tag="780"><subfield code="t">Petersburg journal</subfield><subfield code="g">1967</subfield><subfield code="w">(DLC)sn 86088041</subfield></datafield></record>